<?xml version="1.0" encoding="UTF-8"?>
<!DOCTYPE html PUBLIC "-//W3C//DTD XHTML 1.0 Transitional//EN"
    "http://www.w3.org/TR/xhtml1/DTD/xhtml1-transitional.dtd">
<html xmlns="http://www.w3.org/1999/xhtml" xml:lang="en" lang="en">
 <head>
  <title>
</title>
<meta http-equiv="Content-Type" content="text/html;charset=utf-8" />
  <meta name='ocr-system' content='tesseract 3.04.00' />
  <meta name='ocr-capabilities' content='ocr_page ocr_carea ocr_par ocr_line ocrx_word'/>
</head>
<body>
  <div class='ocr_page' id='page_1' title='image "appendicesadhai00reicgoog_0007.png"; bbox 0 0 4584 5992; ppageno 0'>
   <div class='ocr_carea' id='block_1_1' title="bbox 475 1263 1889 2342">
    <p class='ocr_par' dir='ltr' id='par_1_1' title="bbox 475 1263 1889 2342">
     <span class='ocr_line' id='line_1_1' title="bbox 581 1263 1813 1345; baseline -0.002 -15"><span class='ocrx_word' id='word_1_1' title='bbox 581 1269 616 1330; x_wconf 93' lang='lat' dir='ltr'><strong>ln</strong></span> <span class='ocrx_word' id='word_1_2' title='bbox 640 1267 737 1329; x_wconf 91' lang='lat' dir='ltr'><strong>huius</strong></span> <span class='ocrx_word' id='word_1_3' title='bbox 754 1265 896 1328; x_wconf 79' lang='lat' dir='ltr'><strong>fasciculi</strong></span> <span class='ocrx_word' id='word_1_4' title='bbox 912 1264 1020 1345; x_wconf 88' lang='lat' dir='ltr'><strong>prima</strong></span> <span class='ocrx_word' id='word_1_5' title='bbox 1036 1267 1130 1344; x_wconf 82' lang='lat' dir='ltr'><strong>parte</strong></span> <span class='ocrx_word' id='word_1_6' title='bbox 1146 1263 1212 1326; x_wconf 81' lang='lat'><strong>314</strong></span> <span class='ocrx_word' id='word_1_7' title='bbox 1228 1263 1425 1326; x_wconf 88' lang='lat' dir='ltr'><strong>incunabula</strong></span> <span class='ocrx_word' id='word_1_8' title='bbox 1443 1263 1678 1345; x_wconf 86' lang='lat' dir='ltr'><strong>typographica</strong></span> <span class='ocrx_word' id='word_1_9' title='bbox 1693 1263 1813 1328; x_wconf 91' lang='lat' dir='ltr'><strong>Hainio</strong></span> 
     </span>
     <span class='ocr_line' id='line_1_2' title="bbox 476 1387 1812 1473; baseline -0.005 -16"><span class='ocrx_word' id='word_1_10' title='bbox 476 1399 507 1457; x_wconf 91' lang='lat' dir='ltr'><strong>et</strong></span> <span class='ocrx_word' id='word_1_11' title='bbox 530 1391 718 1473; x_wconf 88' lang='lat' dir='ltr'><strong>Copingero·</strong></span> <span class='ocrx_word' id='word_1_12' title='bbox 735 1389 897 1470; x_wconf 87' lang='lat' dir='ltr'><strong>incognita</strong></span> <span class='ocrx_word' id='word_1_13' title='bbox 920 1392 1139 1467; x_wconf 81' lang='lat' dir='ltr'>recensentur,</span> <span class='ocrx_word' id='word_1_14' title='bbox 1163 1388 1196 1450; x_wconf 93' lang='lat' dir='ltr'><strong>in</strong></span> <span class='ocrx_word' id='word_1_15' title='bbox 1211 1388 1262 1451; x_wconf 91' lang='lat' dir='ltr'><strong>his</strong></span> <span class='ocrx_word' id='word_1_16' title='bbox 1278 1388 1358 1451; x_wconf 89' lang='lat' dir='ltr'><strong>satis</strong></span> <span class='ocrx_word' id='word_1_17' title='bbox 1374 1387 1487 1466; x_wconf 89' lang='lat' dir='ltr'><strong>multa,</strong></span> <span class='ocrx_word' id='word_1_18' title='bbox 1513 1406 1652 1468; x_wconf 88' lang='lat' dir='ltr'><strong>quorum</strong></span> <span class='ocrx_word' id='word_1_19' title='bbox 1673 1388 1812 1450; x_wconf 89' lang='lat' dir='ltr'><strong>alterum</strong></span> 
     </span>
     <span class='ocr_line' id='line_1_3' title="bbox 478 1511 1813 1597; baseline -0.004 -16"><span class='ocrx_word' id='word_1_20' title='bbox 478 1517 644 1597; x_wconf 87' lang='lat' dir='ltr'><strong>exemplar</strong></span> <span class='ocrx_word' id='word_1_21' title='bbox 666 1515 720 1577; x_wconf 82' lang='lat' dir='ltr'><strong>vix</strong></span> <span class='ocrx_word' id='word_1_22' title='bbox 743 1514 776 1576; x_wconf 93' lang='lat' dir='ltr'><strong>in</strong></span> <span class='ocrx_word' id='word_1_23' title='bbox 799 1513 866 1576; x_wconf 93' lang='lat' dir='ltr'><strong>ulla</strong></span> <span class='ocrx_word' id='word_1_24' title='bbox 889 1512 1085 1576; x_wconf 83' lang='lat' dir='ltr'>bibliotheca</span> <span class='ocrx_word' id='word_1_25' title='bbox 1103 1512 1231 1595; x_wconf 91' lang='lat' dir='ltr'><strong>publica</strong></span> <span class='ocrx_word' id='word_1_26' title='bbox 1247 1513 1441 1591; x_wconf 90' lang='lat' dir='ltr'><strong>inveniatur,</strong></span> <span class='ocrx_word' id='word_1_27' title='bbox 1466 1511 1644 1592; x_wconf 90' lang='lat' dir='ltr'><strong>complura,</strong></span> <span class='ocrx_word' id='word_1_28' title='bbox 1668 1530 1754 1594; x_wconf 85' lang='lat' dir='ltr'><strong>quae</strong></span> <span class='ocrx_word' id='word_1_29' title='bbox 1772 1530 1813 1575; x_wconf 83' lang='lat' dir='ltr'><strong>ex</strong></span> 
     </span>
     <span class='ocr_line' id='line_1_4' title="bbox 475 1635 1813 1720; baseline -0.004 -16"><span class='ocrx_word' id='word_1_30' title='bbox 475 1641 611 1705; x_wconf 82' lang='lat' dir='ltr'><strong>officinis</strong></span> <span class='ocrx_word' id='word_1_31' title='bbox 635 1638 741 1702; x_wconf 88' lang='lat' dir='ltr'><strong>adhuc</strong></span> <span class='ocrx_word' id='word_1_32' title='bbox 765 1657 898 1720; x_wconf 93' lang='lat' dir='ltr'><strong>prorsus</strong></span> <span class='ocrx_word' id='word_1_33' title='bbox 919 1637 1035 1717; x_wconf 87' lang='lat' dir='ltr'><strong>ignotis</strong></span> <span class='ocrx_word' id='word_1_34' title='bbox 1051 1637 1251 1718; x_wconf 83' lang='lat' dir='ltr'><strong>prodienrnt.</strong></span> <span class='ocrx_word' id='word_1_35' title='bbox 1290 1637 1401 1699; x_wconf 81' lang='lat' dir='ltr'><strong>Altera</strong></span> <span class='ocrx_word' id='word_1_36' title='bbox 1425 1656 1501 1718; x_wconf 90' lang='lat' dir='ltr'><strong>pars</strong></span> <span class='ocrx_word' id='word_1_37' title='bbox 1517 1635 1659 1699; x_wconf 83' lang='lat' dir='ltr'><strong>fasciculi</strong></span> <span class='ocrx_word' id='word_1_38' title='bbox 1676 1635 1741 1700; x_wconf 87' lang='grc'><strong>365</strong></span> <span class='ocrx_word' id='word_1_39' title='bbox 1763 1637 1813 1699; x_wconf 93' lang='lat' dir='ltr'><strong>in-</strong></span> 
     </span>
     <span class='ocr_line' id='line_1_5' title="bbox 476 1731 1889 1843; baseline -0.004 -13"><span class='ocrx_word' id='word_1_40' title='bbox 476 1766 638 1830; x_wconf 89' lang='lat' dir='ltr'><strong>cunabula</strong></span> <span class='ocrx_word' id='word_1_41' title='bbox 662 1763 704 1826; x_wconf 85' lang='lat' dir='ltr'><strong>ab</strong></span> <span class='ocrx_word' id='word_1_42' title='bbox 729 1761 1045 1843; x_wconf 88' lang='lat' dir='ltr'><strong>Haini0·Copingero</strong></span> <span class='ocrx_word' id='word_1_43' title='bbox 1059 1789 1061 1792; x_wconf 55' lang='grc'>’</span> <span class='ocrx_word' id='word_1_44' title='bbox 1076 1781 1115 1825; x_wconf 84' lang='lat' dir='ltr'><strong>ex</strong></span> <span class='ocrx_word' id='word_1_45' title='bbox 1146 1761 1339 1824; x_wconf 91' lang='lat' dir='ltr'><strong>auctoritate</strong></span> <span class='ocrx_word' id='word_1_46' title='bbox 1370 1760 1506 1825; x_wconf 89' lang='lat' dir='ltr'><strong>aliorum</strong></span> <span class='ocrx_word' id='word_1_47' title='bbox 1530 1761 1637 1824; x_wconf 90' lang='lat' dir='ltr'><strong>miuus</strong></span> <span class='ocrx_word' id='word_1_48' title='bbox 1661 1762 1813 1824; x_wconf 87' lang='lat' dir='ltr'><strong>accurate</strong></span> <span class='ocrx_word' id='word_1_49' title='bbox 1887 1731 1889 1734; x_wconf 16' lang='grc' dir='ltr'>Ι</span> 
     </span>
     <span class='ocr_line' id='line_1_6' title="bbox 476 1884 1812 1968; baseline -0.004 -14"><span class='ocrx_word' id='word_1_50' title='bbox 476 1890 646 1964; x_wconf 87' lang='lat' dir='ltr'><strong>recensita,</strong></span> <span class='ocrx_word' id='word_1_51' title='bbox 671 1908 690 1950; x_wconf 91' lang='lat' dir='ltr'><strong>a</strong></span> <span class='ocrx_word' id='word_1_52' title='bbox 714 1907 767 1952; x_wconf 84' lang='lat' dir='ltr'><strong>me</strong></span> <span class='ocrx_word' id='word_1_53' title='bbox 791 1906 831 1950; x_wconf 84' lang='lat' dir='ltr'><strong>ex</strong></span> <span class='ocrx_word' id='word_1_54' title='bbox 855 1887 1039 1968; x_wconf 83' lang='lat' dir='ltr'><strong>archetypis</strong></span> <span class='ocrx_word' id='word_1_55' title='bbox 1063 1886 1238 1949; x_wconf 88' lang='lat' dir='ltr'><strong>emendata</strong></span> <span class='ocrx_word' id='word_1_56' title='bbox 1262 1886 1421 1964; x_wconf 87' lang='lat' dir='ltr'><strong>continet,</strong></span> <span class='ocrx_word' id='word_1_57' title='bbox 1453 1889 1486 1948; x_wconf 91' lang='lat' dir='ltr'><strong>et</strong></span> <span class='ocrx_word' id='word_1_58' title='bbox 1509 1904 1548 1948; x_wconf 90' lang='lat' dir='ltr'><strong>ea</strong></span> <span class='ocrx_word' id='word_1_59' title='bbox 1572 1884 1704 1967; x_wconf 86' lang='lat' dir='ltr'><strong>quidem</strong></span> <span class='ocrx_word' id='word_1_60' title='bbox 1727 1885 1812 1948; x_wconf 91' lang='lat' dir='ltr'><strong>litte-</strong></span> 
     </span>
     <span class='ocr_line' id='line_1_7' title="bbox 478 2010 1813 2094; baseline -0.003 -17"><span class='ocrx_word' id='word_1_61' title='bbox 478 2035 531 2077; x_wconf 89' lang='lat' dir='ltr'><strong>ras</strong></span> <span class='ocrx_word' id='word_1_62' title='bbox 549 2013 647 2076; x_wconf 68' lang='lat' dir='ltr'><strong>a-(J</strong></span> <span class='ocrx_word' id='word_1_63' title='bbox 671 2016 703 2075; x_wconf 89' lang='lat' dir='ltr'><strong>et</strong></span> <span class='ocrx_word' id='word_1_64' title='bbox 727 2015 876 2094; x_wconf 87' lang='lat' dir='ltr'><strong>exparte</strong></span> <span class='ocrx_word' id='word_1_65' title='bbox 899 2012 926 2074; x_wconf 89' lang='lat' dir='ltr'>D</span> <span class='ocrx_word' id='word_1_66' title='bbox 950 2011 1190 2092; x_wconf 89' lang='lat' dir='ltr'><strong>amplectentia.</strong></span> <span class='ocrx_word' id='word_1_67' title='bbox 1237 2010 1313 2073; x_wconf 87' lang='lat' dir='ltr'><strong>Eius</strong></span> <span class='ocrx_word' id='word_1_68' title='bbox 1337 2030 1468 2092; x_wconf 83' lang='lat' dir='ltr'><strong>quoque</strong></span> <span class='ocrx_word' id='word_1_69' title='bbox 1491 2011 1617 2091; x_wconf 88' lang='lat' dir='ltr'><strong>generis</strong></span> <span class='ocrx_word' id='word_1_70' title='bbox 1633 2010 1813 2073; x_wconf 89' lang='lat' dir='ltr'><strong>incunabu-</strong></span> 
     </span>
     <span class='ocr_line' id='line_1_8' title="bbox 478 2135 1810 2218; baseline -0.002 -17"><span class='ocrx_word' id='word_1_71' title='bbox 478 2139 581 2201; x_wconf 90' lang='lat' dir='ltr'><strong>lorum</strong></span> <span class='ocrx_word' id='word_1_72' title='bbox 606 2157 671 2200; x_wconf 91' lang='lat' dir='ltr'><strong>non</strong></span> <span class='ocrx_word' id='word_1_73' title='bbox 695 2155 801 2218; x_wconf 88' lang='lat' dir='ltr'><strong>pauca</strong></span> <span class='ocrx_word' id='word_1_74' title='bbox 824 2155 974 2199; x_wconf 88' lang='lat' dir='ltr'><strong>summae</strong></span> <span class='ocrx_word' id='word_1_75' title='bbox 998 2140 1073 2198; x_wconf 92' lang='lat' dir='ltr'><strong>sunt</strong></span> <span class='ocrx_word' id='word_1_76' title='bbox 1096 2135 1256 2212; x_wconf 86' lang='lat' dir='ltr'><strong>raritatis,</strong></span> <span class='ocrx_word' id='word_1_77' title='bbox 1288 2155 1329 2198; x_wconf 92' lang='lat' dir='ltr'><strong>ne</strong></span> <span class='ocrx_word' id='word_1_78' title='bbox 1352 2135 1459 2199; x_wconf 91' lang='lat' dir='ltr'><strong>dicam</strong></span> <span class='ocrx_word' id='word_1_79' title='bbox 1483 2135 1682 2216; x_wconf 87' lang='lat' dir='ltr'><strong>exemplaria</strong></span> <span class='ocrx_word' id='word_1_80' title='bbox 1705 2136 1810 2199; x_wconf 87' lang='lat' dir='ltr'><strong>unica.</strong></span> 
     </span>
     <span class='ocr_line' id='line_1_9' title="bbox 477 2259 1812 2342; baseline -0.001 -17"><span class='ocrx_word' id='word_1_81' title='bbox 477 2264 572 2338; x_wconf 85' lang='lat' dir='ltr'><strong>Quod</strong></span> <span class='ocrx_word' id='word_1_82' title='bbox 597 2262 638 2324; x_wconf 87' lang='lat' dir='ltr'><strong>ad</strong></span> <span class='ocrx_word' id='word_1_83' title='bbox 661 2261 760 2324; x_wconf 93' lang='lat' dir='ltr'><strong>libros</strong></span> <span class='ocrx_word' id='word_1_84' title='bbox 784 2261 854 2325; x_wconf 88' lang='lat' dir='ltr'><strong>sine</strong></span> <span class='ocrx_word' id='word_1_85' title='bbox 877 2261 1009 2323; x_wconf 91' lang='lat' dir='ltr'><strong>nomine</strong></span> <span class='ocrx_word' id='word_1_86' title='bbox 1033 2259 1227 2342; x_wconf 79' lang='lat' dir='ltr'><strong>typographi</strong></span> <span class='ocrx_word' id='word_1_87' title='bbox 1252 2259 1356 2323; x_wconf 93' lang='lat' dir='ltr'><strong>editos</strong></span> <span class='ocrx_word' id='word_1_88' title='bbox 1379 2259 1519 2322; x_wconf 87' lang='lat' dir='ltr'><strong>necdum</strong></span> <span class='ocrx_word' id='word_1_89' title='bbox 1544 2259 1812 2341; x_wconf 85' lang='lat' dir='ltr'><strong>abibliographis</strong></span> 
     </span>
    </p>
   </div>
   <div class='ocr_carea' id='block_1_2' title="bbox 477 2383 1946 2467">
    <p class='ocr_par' dir='ltr' id='par_1_2' title="bbox 477 2383 1946 2467">
     <span class='ocr_line' id='line_1_10' title="bbox 477 2383 1946 2467; baseline 0 -18"><span class='ocrx_word' id='word_1_90' title='bbox 477 2387 668 2450; x_wconf 83' lang='lat' dir='ltr'><strong>constitutos</strong></span> <span class='ocrx_word' id='word_1_91' title='bbox 709 2386 840 2462; x_wconf 76' lang='lat' dir='ltr'><strong>attinet,</strong></span> <span class='ocrx_word' id='word_1_92' title='bbox 885 2386 1014 2447; x_wconf 88' lang='lat' dir='ltr'><strong>fortuna</strong></span> <span class='ocrx_word' id='word_1_93' title='bbox 1049 2384 1180 2446; x_wconf 89' lang='lat' dir='ltr'><strong>adiutus</strong></span> <span class='ocrx_word' id='word_1_94' title='bbox 1224 2383 1397 2465; x_wconf 87' lang='lat' dir='ltr'><strong>plerosque</strong></span> <span class='ocrx_word' id='word_1_95' title='bbox 1435 2403 1474 2447; x_wconf 85' lang='lat' dir='ltr'><strong>ex</strong></span> <span class='ocrx_word' id='word_1_96' title='bbox 1513 2385 1697 2467; x_wconf 84' lang='lat' dir='ltr'><strong>archetypis</strong></span> <span class='ocrx_word' id='word_1_97' title='bbox 1735 2404 1812 2449; x_wconf 92' lang='lat' dir='ltr'><strong>con·</strong></span> <span class='ocrx_word' id='word_1_98' title='bbox 1944 2420 1946 2427; x_wconf 95' lang='lat'>·</span> 
     </span>
    </p>
   </div>
   <div class='ocr_carea' id='block_1_3' title="bbox 418 2508 1813 3960">
    <p class='ocr_par' dir='ltr' id='par_1_3' title="bbox 418 2508 1813 3211">
     <span class='ocr_line' id='line_1_11' title="bbox 476 2508 1812 2588; baseline -0.001 -14"><span class='ocrx_word' id='word_1_99' title='bbox 476 2508 641 2574; x_wconf 84' lang='lat' dir='ltr'><strong>senlaneis</strong></span> <span class='ocrx_word' id='word_1_100' title='bbox 669 2510 865 2574; x_wconf 89' lang='lat' dir='ltr'><strong>constituere</strong></span> <span class='ocrx_word' id='word_1_101' title='bbox 893 2509 970 2572; x_wconf 91' lang='lat' dir='ltr'><strong>mihi</strong></span> <span class='ocrx_word' id='word_1_102' title='bbox 996 2509 1144 2588; x_wconf 85' lang='lat' dir='ltr'><strong>contigit,</strong></span> <span class='ocrx_word' id='word_1_103' title='bbox 1178 2508 1231 2571; x_wconf 92' lang='lat' dir='ltr'><strong>alii</strong></span> <span class='ocrx_word' id='word_1_104' title='bbox 1263 2509 1446 2571; x_wconf 88' lang='lat' dir='ltr'><strong>novissimis</strong></span> <span class='ocrx_word' id='word_1_105' title='bbox 1476 2508 1627 2571; x_wconf 91' lang='lat' dir='ltr'><strong>subsidiis</strong></span> <span class='ocrx_word' id='word_1_106' title='bbox 1659 2508 1812 2574; x_wconf 84' lang='lat' dir='ltr'><strong>adhibitis</strong></span> 
     </span>
     <span class='ocr_line' id='line_1_12' title="bbox 418 2616 1812 2715; baseline 0 -16"><span class='ocrx_word' id='word_1_107' title='bbox 418 2616 423 2627; x_wconf 51' lang='lat'>⁸</span> <span class='ocrx_word' id='word_1_108' title='bbox 477 2636 564 2700; x_wconf 92' lang='lat' dir='ltr'><strong>omni</strong></span> <span class='ocrx_word' id='word_1_109' title='bbox 588 2654 667 2698; x_wconf 91' lang='lat' dir='ltr'><strong>cura</strong></span> <span class='ocrx_word' id='word_1_110' title='bbox 689 2634 919 2715; x_wconf 78' lang='lat' dir='ltr'><strong>diligentiaque</strong></span> <span class='ocrx_word' id='word_1_111' title='bbox 942 2633 1118 2696; x_wconf 87' lang='lat' dir='ltr'><strong>examinati</strong></span> <span class='ocrx_word' id='word_1_112' title='bbox 1143 2638 1228 2711; x_wconf 91' lang='lat' dir='ltr'><strong>sunt,</strong></span> <span class='ocrx_word' id='word_1_113' title='bbox 1253 2637 1290 2696; x_wconf 92' lang='lat' dir='ltr'><strong>ut</strong></span> <span class='ocrx_word' id='word_1_114' title='bbox 1307 2634 1406 2696; x_wconf 87' lang='lat' dir='ltr'><strong>etiam</strong></span> <span class='ocrx_word' id='word_1_115' title='bbox 1422 2634 1455 2697; x_wconf 96' lang='lat' dir='ltr'><strong>hi</strong></span> <span class='ocrx_word' id='word_1_116' title='bbox 1471 2635 1584 2715; x_wconf 88' lang='lat' dir='ltr'><strong>paucis</strong></span> <span class='ocrx_word' id='word_1_117' title='bbox 1600 2653 1660 2715; x_wconf 93' lang='lat' dir='ltr'><strong>pro</strong></span> <span class='ocrx_word' id='word_1_118' title='bbox 1676 2654 1812 2700; x_wconf 91' lang='lat' dir='ltr'><strong>numero</strong></span> 
     </span>
     <span class='ocr_line' id='line_1_13' title="bbox 477 2757 1812 2841; baseline 0 -19"><span class='ocrx_word' id='word_1_119' title='bbox 477 2761 611 2823; x_wconf 87' lang='lat' dir='ltr'><strong>forsitan</strong></span> <span class='ocrx_word' id='word_1_120' title='bbox 641 2760 783 2840; x_wconf 88' lang='lat' dir='ltr'><strong>exceptis</strong></span> <span class='ocrx_word' id='word_1_121' title='bbox 814 2758 1044 2822; x_wconf 86' lang='lat' dir='ltr'><strong>emendatione</strong></span> <span class='ocrx_word' id='word_1_122' title='bbox 1074 2757 1208 2820; x_wconf 92' lang='lat' dir='ltr'><strong>minime</strong></span> <span class='ocrx_word' id='word_1_123' title='bbox 1239 2761 1366 2838; x_wconf 83' lang='lat' dir='ltr'><strong>egeant,</strong></span> <span class='ocrx_word' id='word_1_124' title='bbox 1397 2777 1439 2821; x_wconf 92' lang='lat' dir='ltr'><strong>ne</strong></span> <span class='ocrx_word' id='word_1_125' title='bbox 1469 2763 1539 2822; x_wconf 89' lang='lat' dir='ltr'><strong>tum</strong></span> <span class='ocrx_word' id='word_1_126' title='bbox 1563 2759 1706 2841; x_wconf 84' lang='lat' dir='ltr'><strong>quidem,</strong></span> <span class='ocrx_word' id='word_1_127' title='bbox 1738 2779 1812 2823; x_wconf 89' lang='lat' dir='ltr'><strong>cum</strong></span> 
     </span>
     <span class='ocr_line' id='line_1_14' title="bbox 477 2880 1812 2976; baseline 0 -28"><span class='ocrx_word' id='word_1_128' title='bbox 477 2884 637 2948; x_wconf 88' lang='lat' dir='ltr'><strong>linearum</strong></span> <span class='ocrx_word' id='word_1_129' title='bbox 667 2901 821 2946; x_wconf 86' lang='lat' dir='ltr'><strong>mensura</strong></span> <span class='ocrx_word' id='word_1_130' title='bbox 845 2901 865 2945; x_wconf 91' lang='lat' dir='ltr'><strong>a</strong></span> <span class='ocrx_word' id='word_1_131' title='bbox 888 2883 983 2946; x_wconf 91' lang='lat' dir='ltr'><strong>solita</strong></span> <span class='ocrx_word' id='word_1_132' title='bbox 1013 2881 1193 2976; x_wconf 89' lang='lat' dir='ltr'><strong>discrepat,</strong></span> <span class='ocrx_word' id='word_1_133' title='bbox 1226 2880 1260 2943; x_wconf 91' lang='lat' dir='ltr'><strong>id</strong></span> <span class='ocrx_word' id='word_1_134' title='bbox 1290 2883 1377 2963; x_wconf 88' lang='lat' dir='ltr'><strong>quod</strong></span> <span class='ocrx_word' id='word_1_135' title='bbox 1408 2900 1482 2945; x_wconf 92' lang='lat' dir='ltr'><strong>cum</strong></span> <span class='ocrx_word' id='word_1_136' title='bbox 1513 2884 1546 2946; x_wconf 95' lang='lat' dir='ltr'><strong>in</strong></span> <span class='ocrx_word' id='word_1_137' title='bbox 1569 2883 1655 2961; x_wconf 86' lang='lat' dir='ltr'><strong>aliis,</strong></span> <span class='ocrx_word' id='word_1_138' title='bbox 1686 2889 1756 2947; x_wconf 90' lang='lat' dir='ltr'><strong>tum</strong></span> <span class='ocrx_word' id='word_1_139' title='bbox 1779 2885 1812 2948; x_wconf 91' lang='lat' dir='ltr'><strong>in</strong></span> 
     </span>
     <span class='ocr_line' id='line_1_15' title="bbox 478 3007 1813 3090; baseline 0.001 -19"><span class='ocrx_word' id='word_1_140' title='bbox 478 3008 640 3090; x_wconf 91' lang='lat' dir='ltr'><strong>opusculis</strong></span> <span class='ocrx_word' id='word_1_141' title='bbox 673 3007 820 3070; x_wconf 90' lang='lat' dir='ltr'><strong>versibus</strong></span> <span class='ocrx_word' id='word_1_142' title='bbox 855 3007 1046 3087; x_wconf 86' lang='lat' dir='ltr'><strong>conscriptis</strong></span> <span class='ocrx_word' id='word_1_143' title='bbox 1086 3007 1209 3070; x_wconf 88' lang='lat' dir='ltr'><strong>maiore</strong></span> <span class='ocrx_word' id='word_1_144' title='bbox 1245 3007 1351 3087; x_wconf 88' lang='lat' dir='ltr'><strong>spatio</strong></span> <span class='ocrx_word' id='word_1_145' title='bbox 1387 3007 1576 3088; x_wconf 86' lang='lat' dir='ltr'><strong>interposito</strong></span> <span class='ocrx_word' id='word_1_146' title='bbox 1614 3007 1704 3070; x_wconf 92' lang='lat' dir='ltr'><strong>haud</strong></span> <span class='ocrx_word' id='word_1_147' title='bbox 1738 3027 1813 3074; x_wconf 88' lang='lat' dir='ltr'><strong>raro</strong></span> 
     </span>
     <span class='ocr_line' id='line_1_16' title="bbox 479 3131 1287 3211; baseline -0.001 -16"><span class='ocrx_word' id='word_1_148' title='bbox 479 3133 616 3195; x_wconf 86' lang='lat' dir='ltr'><strong>inveniri</strong></span> <span class='ocrx_word' id='word_1_149' title='bbox 640 3132 724 3194; x_wconf 90' lang='lat' dir='ltr'><strong>inter</strong></span> <span class='ocrx_word' id='word_1_150' title='bbox 747 3150 861 3194; x_wconf 89' lang='lat' dir='ltr'><strong>omnes</strong></span> <span class='ocrx_word' id='word_1_151' title='bbox 885 3131 1126 3211; x_wconf 86' lang='lat' dir='ltr'><strong>bibliographos</strong></span> <span class='ocrx_word' id='word_1_152' title='bbox 1150 3135 1287 3195; x_wconf 90' lang='lat' dir='ltr'><strong>constat.</strong></span> 
     </span>
    </p>

    <p class='ocr_par' dir='ltr' id='par_1_4' title="bbox 477 3256 1813 3960">
     <span class='ocr_line' id='line_1_17' title="bbox 585 3256 1813 3340; baseline 0.004 -21"><span class='ocrx_word' id='word_1_153' title='bbox 585 3257 770 3320; x_wconf 85' lang='lat' dir='ltr'><strong>Fasciculus</strong></span> <span class='ocrx_word' id='word_1_154' title='bbox 803 3256 935 3337; x_wconf 88' lang='lat' dir='ltr'><strong>quintus</strong></span> <span class='ocrx_word' id='word_1_155' title='bbox 965 3257 1083 3320; x_wconf 89' lang='lat' dir='ltr'><strong>iterum</strong></span> <span class='ocrx_word' id='word_1_156' title='bbox 1116 3256 1220 3320; x_wconf 91' lang='lat' dir='ltr'><strong>multa</strong></span> <span class='ocrx_word' id='word_1_157' title='bbox 1254 3256 1453 3320; x_wconf 89' lang='lat' dir='ltr'><strong>incunabula</strong></span> <span class='ocrx_word' id='word_1_158' title='bbox 1481 3258 1608 3338; x_wconf 88' lang='lat' dir='ltr'><strong>ignota,</strong></span> <span class='ocrx_word' id='word_1_159' title='bbox 1644 3263 1743 3340; x_wconf 89' lang='lat' dir='ltr'><strong>atque</strong></span> <span class='ocrx_word' id='word_1_160' title='bbox 1773 3280 1813 3324; x_wconf 91' lang='lat' dir='ltr'><strong>ea</strong></span> 
     </span>
     <span class='ocr_line' id='line_1_18' title="bbox 478 3370 1811 3464; baseline 0.002 -20"><span class='ocrx_word' id='word_1_161' title='bbox 478 3399 599 3460; x_wconf 87' lang='lat' dir='ltr'><strong>magna</strong></span> <span class='ocrx_word' id='word_1_162' title='bbox 621 3400 660 3443; x_wconf 85' lang='lat' dir='ltr'><strong>ex</strong></span> <span class='ocrx_word' id='word_1_163' title='bbox 684 3385 778 3461; x_wconf 89' lang='lat' dir='ltr'><strong>parte</strong></span> <span class='ocrx_word' id='word_1_164' title='bbox 794 3402 814 3445; x_wconf 88' lang='lat' dir='ltr'><strong>a</strong></span> <span class='ocrx_word' id='word_1_165' title='bbox 830 3381 1006 3444; x_wconf 89' lang='lat' dir='ltr'><strong>notissimis</strong></span> <span class='ocrx_word' id='word_1_166' title='bbox 1030 3381 1313 3463; x_wconf 90' lang='lat' dir='ltr'><strong>celeberrimisque</strong></span> <span class='ocrx_word' id='word_1_167' title='bbox 1327 3370 1548 3464; x_wconf 86' lang='lat' dir='ltr'><strong>¹typographis</strong></span> <span class='ocrx_word' id='word_1_168' title='bbox 1573 3383 1714 3462; x_wconf 89' lang='lat' dir='ltr'><strong>Venetis,</strong></span> <span class='ocrx_word' id='word_1_169' title='bbox 1739 3384 1811 3447; x_wconf 82' lang='lat' dir='ltr'><strong>Flo·</strong></span> 
     </span>
     <span class='ocr_line' id='line_1_19' title="bbox 477 3505 1813 3589; baseline 0.002 -21"><span class='ocrx_word' id='word_1_170' title='bbox 477 3505 622 3584; x_wconf 86' lang='lat' dir='ltr'><strong>rentinis,</strong></span> <span class='ocrx_word' id='word_1_171' title='bbox 656 3505 830 3583; x_wconf 78' lang='lat' dir='ltr'><strong>RomamS,</strong></span> <span class='ocrx_word' id='word_1_172' title='bbox 863 3505 1160 3569; x_wconf 89' lang='lat' dir='ltr'><strong>Mediolanensibus</strong></span> <span class='ocrx_word' id='word_1_173' title='bbox 1193 3505 1329 3587; x_wconf 88' lang='lat' dir='ltr'><strong>aliisque</strong></span> <span class='ocrx_word' id='word_1_174' title='bbox 1353 3505 1457 3585; x_wconf 89' lang='lat' dir='ltr'><strong>edita,</strong></span> <span class='ocrx_word' id='word_1_175' title='bbox 1487 3506 1661 3585; x_wconf 79' lang='lat' dir='ltr'><strong>exhibebit,</strong></span> <span class='ocrx_word' id='word_1_176' title='bbox 1694 3508 1813 3589; x_wconf 92' lang='lat' dir='ltr'><strong>quibus</strong></span> 
     </span>
     <span class='ocr_line' id='line_1_20' title="bbox 478 3630 1812 3713; baseline 0.002 -21"><span class='ocrx_word' id='word_1_177' title='bbox 478 3631 583 3693; x_wconf 92' lang='lat' dir='ltr'><strong>maior</strong></span> <span class='ocrx_word' id='word_1_178' title='bbox 605 3647 761 3693; x_wconf 89' lang='lat' dir='ltr'><strong>numerus</strong></span> <span class='ocrx_word' id='word_1_179' title='bbox 783 3630 892 3693; x_wconf 91' lang='lat' dir='ltr'><strong>minus</strong></span> <span class='ocrx_word' id='word_1_180' title='bbox 923 3634 1074 3696; x_wconf 91' lang='lat' dir='ltr'><strong>notorum</strong></span> <span class='ocrx_word' id='word_1_181' title='bbox 1106 3630 1309 3710; x_wconf 87' lang='lat' dir='ltr'><strong>adiungetur.</strong></span> <span class='ocrx_word' id='word_1_182' title='bbox 1355 3631 1455 3694; x_wconf 83' lang='lat' dir='ltr'><strong>Sexto</strong></span> <span class='ocrx_word' id='word_1_183' title='bbox 1486 3630 1627 3713; x_wconf 88' lang='lat' dir='ltr'><strong>denique</strong></span> <span class='ocrx_word' id='word_1_184' title='bbox 1649 3632 1812 3711; x_wconf 92' lang='lat' dir='ltr'><strong>fasciculo,</strong></span> 
     </span>
     <span class='ocr_line' id='line_1_21' title="bbox 478 3753 1811 3836; baseline 0.003 -20"><span class='ocrx_word' id='word_1_185' title='bbox 478 3774 543 3835; x_wconf 92' lang='lat' dir='ltr'><strong>quo</strong></span> <span class='ocrx_word' id='word_1_186' title='bbox 572 3753 775 3817; x_wconf 88' lang='lat' dir='ltr'><strong>collectiones</strong></span> <span class='ocrx_word' id='word_1_187' title='bbox 804 3773 895 3817; x_wconf 90' lang='lat' dir='ltr'><strong>meas</strong></span> <span class='ocrx_word' id='word_1_188' title='bbox 926 3753 1095 3817; x_wconf 86' lang='lat' dir='ltr'><strong>absolvere</strong></span> <span class='ocrx_word' id='word_1_189' title='bbox 1119 3754 1288 3825; x_wconf 89' lang='lat' dir='ltr'><strong>constitui,</strong></span> <span class='ocrx_word' id='word_1_190' title='bbox 1316 3755 1459 3818; x_wconf 91' lang='lat' dir='ltr'><strong>accurati</strong></span> <span class='ocrx_word' id='word_1_191' title='bbox 1483 3755 1605 3819; x_wconf 89' lang='lat' dir='ltr'><strong>indices</strong></span> <span class='ocrx_word' id='word_1_192' title='bbox 1629 3760 1811 3836; x_wconf 89' lang='lat' dir='ltr'><strong>auctorum,</strong></span> 
     </span>
     <span class='ocr_line' id='line_1_22' title="bbox 477 3877 1151 3960; baseline 0 -19"><span class='ocrx_word' id='word_1_193' title='bbox 477 3877 760 3960; x_wconf 86' lang='lat' dir='ltr'><strong>typographorum</strong></span> <span class='ocrx_word' id='word_1_194' title='bbox 784 3896 823 3941; x_wconf 89' lang='lat' dir='ltr'><strong>ac</strong></span> <span class='ocrx_word' id='word_1_195' title='bbox 846 3896 955 3941; x_wconf 88' lang='lat' dir='ltr'><strong>rerum</strong></span> <span class='ocrx_word' id='word_1_196' title='bbox 979 3877 1151 3941; x_wconf 89' lang='lat' dir='ltr'><strong>addentur.</strong></span> 
     </span>
    </p>
   </div>
   <div class='ocr_carea' id='block_1_4' title="bbox 585 4083 1340 4190">
    <p class='ocr_par' dir='ltr' id='par_1_5' title="bbox 585 4083 1340 4190">
     <span class='ocr_line' id='line_1_23' title="bbox 585 4083 1340 4190; baseline 0.001 -18"><span class='ocrx_word' id='word_1_197' title='bbox 585 4108 828 4190; x_wconf 84' lang='lat' dir='ltr'><strong>MEDlOLANl,</strong></span> <span class='ocrx_word' id='word_1_198' title='bbox 853 4083 965 4172; x_wconf 86' lang='lat' dir='ltr'><strong>mense</strong></span> <span class='ocrx_word' id='word_1_199' title='bbox 990 4109 1165 4174; x_wconf 75' lang='lat' dir='ltr'><strong>februario</strong></span> <span class='ocrx_word' id='word_1_200' title='bbox 1189 4130 1217 4173; x_wconf 91' lang='lat' dir='ltr'><strong>a.</strong></span> <span class='ocrx_word' id='word_1_201' title='bbox 1246 4112 1340 4173; x_wconf 85' lang='lat'><strong>1908.</strong></span> 
     </span>
    </p>
   </div>
   <div class='ocr_carea' id='block_1_5' title="bbox 1465 4344 1767 4409">
    <p class='ocr_par' dir='ltr' id='par_1_6' title="bbox 1465 4344 1767 4409">
     <span class='ocr_line' id='line_1_24' title="bbox 1465 4344 1767 4409; baseline 0.013 -4"><span class='ocrx_word' id='word_1_202' title='bbox 1465 4345 1502 4408; x_wconf 89' lang='lat' dir='ltr'><strong>l).</strong></span> <span class='ocrx_word' id='word_1_203' title='bbox 1527 4344 1767 4409; x_wconf 77' lang='lat' dir='ltr'><strong>REltlHLlNG.</strong></span> 
     </span>
    </p>
   </div>
   <div class='ocr_carea' id='block_1_6' title="bbox 0 0 2297 5988">
    <p class='ocr_par' dir='ltr' id='par_1_7' title="bbox 0 0 2297 5988">
     <span class='ocr_line' id='line_1_25' title="bbox 0 0 2297 5988; baseline 0 0"><span class='ocrx_word' id='word_1_204' title='bbox 0 0 2297 5988; x_wconf 95' lang='lat' dir='ltr'><strong> </strong></span> 
     </span>
    </p>
   </div>
  </div>
 </body>
</html>
